@misc{girdhar2023imagebindembeddingspacebind,
      title={ImageBind: One Embedding Space To Bind Them All}, 
      author={Rohit Girdhar and Alaaeldin El-Nouby and Zhuang Liu and Mannat Singh and Kalyan Vasudev Alwala and Armand Joulin and Ishan Misra},
      year={2023},
      eprint={2305.05665},
      archivePrefix={arXiv},
      primaryClass={cs.CV},
      url={https://arxiv.org/abs/2305.05665}, 
}

@misc{radford2021learningtransferablevisualmodels,
      title={Learning Transferable Visual Models From Natural Language Supervision}, 
      author={Alec Radford and Jong Wook Kim and Chris Hallacy and Aditya Ramesh and Gabriel Goh and Sandhini Agarwal and Girish Sastry and Amanda Askell and Pamela Mishkin and Jack Clark and Gretchen Krueger and Ilya Sutskever},
      year={2021},
      eprint={2103.00020},
      archivePrefix={arXiv},
      primaryClass={cs.CV},
      url={https://arxiv.org/abs/2103.00020}, 
}

@misc{jia2021scalingvisualvisionlanguagerepresentation,
      title={Scaling Up Visual and Vision-Language Representation Learning With Noisy Text Supervision}, 
      author={Chao Jia and Yinfei Yang and Ye Xia and Yi-Ting Chen and Zarana Parekh and Hieu Pham and Quoc V. Le and Yunhsuan Sung and Zhen Li and Tom Duerig},
      year={2021},
      eprint={2102.05918},
      archivePrefix={arXiv},
      primaryClass={cs.CV},
      url={https://arxiv.org/abs/2102.05918}, 
}

@misc{yuan2021florencenewfoundationmodel,
      title={Florence: A New Foundation Model for Computer Vision}, 
      author={Lu Yuan and Dongdong Chen and Yi-Ling Chen and Noel Codella and Xiyang Dai and Jianfeng Gao and Houdong Hu and Xuedong Huang and Boxin Li and Chunyuan Li and Ce Liu and Mengchen Liu and Zicheng Liu and Yumao Lu and Yu Shi and Lijuan Wang and Jianfeng Wang and Bin Xiao and Zhen Xiao and Jianwei Yang and Michael Zeng and Luowei Zhou and Pengchuan Zhang},
      year={2021},
      eprint={2111.11432},
      archivePrefix={arXiv},
      primaryClass={cs.CV},
      url={https://arxiv.org/abs/2111.11432}, 
}

@misc{guzhov2021audioclipextendingclipimage,
      title={AudioCLIP: Extending CLIP to Image, Text and Audio}, 
      author={Andrey Guzhov and Federico Raue and Jörn Hees and Andreas Dengel},
      year={2021},
      eprint={2106.13043},
      archivePrefix={arXiv},
      primaryClass={cs.SD},
      url={https://arxiv.org/abs/2106.13043}, 
}

@misc{bondarenko2021understandingovercomingchallengesefficient,
      title={Understanding and Overcoming the Challenges of Efficient Transformer Quantization}, 
      author={Yelysei Bondarenko and Markus Nagel and Tijmen Blankevoort},
      year={2021},
      eprint={2109.12948},
      archivePrefix={arXiv},
      primaryClass={cs.LG},
      url={https://arxiv.org/abs/2109.12948}, 
}

@misc{zhu2017prunepruneexploringefficacy,
      title={To prune, or not to prune: exploring the efficacy of pruning for model compression}, 
      author={Michael Zhu and Suyog Gupta},
      year={2017},
      eprint={1710.01878},
      archivePrefix={arXiv},
      primaryClass={stat.ML},
      url={https://arxiv.org/abs/1710.01878}, 
}

@misc{kwon2022fastposttrainingpruningframework,
      title={A Fast Post-Training Pruning Framework for Transformers}, 
      author={Woosuk Kwon and Sehoon Kim and Michael W. Mahoney and Joseph Hassoun and Kurt Keutzer and Amir Gholami},
      year={2022},
      eprint={2204.09656},
      archivePrefix={arXiv},
      primaryClass={cs.CL},
      url={https://arxiv.org/abs/2204.09656}, 
}

@article{Gou_2021,
   title={Knowledge Distillation: A Survey},
   volume={129},
   ISSN={1573-1405},
   url={http://dx.doi.org/10.1007/s11263-021-01453-z},
   DOI={10.1007/s11263-021-01453-z},
   number={6},
   journal={International Journal of Computer Vision},
   publisher={Springer Science and Business Media LLC},
   author={Gou, Jianping and Yu, Baosheng and Maybank, Stephen J. and Tao, Dacheng},
   year={2021},
   month=mar, pages={1789–1819} 
}

@misc{saed2025_modular_pr,
  author       = {Ahmed Saed},
  title        = {Modular ImageBind - Load modules based on selected modailites},
  year         = {2025},
  howpublished = {\url{https://github.com/facebookresearch/ImageBind/pull/138}},
  note         = {Contribution to the open-source project \textit{ImageBind} on GitHub}
}

@misc{saed2025_quantization_branch,
  author       = {Ahmed Saed},
  title        = {Quantized ImageBind - Applying dynamic and static quantization of ImageBind},
  year         = {2025},
  howpublished = {\url{https://github.com/ahmedsaed/ImageBind/tree/quantization}},
  note         = {Contribution to the open-source project \textit{ImageBind} on GitHub}
}